@book{pagina-web,
	author = {Apellido del Autor, Nombre del Autor},
	year = {Año de Publicación},
	title = {Título del Libro},
	publisher = {Editorial},
	address = {Ciudad de Publicación},
	isbn = {Número ISBN del Libro (si está disponible)},
	url = {https://www.monash.edu/arts/languages-literatures-cultures-linguistics/korean-studies-research-hub/research/murksrh-language-lab/topic-1-how-to-know-when-to-use-pure-korean-vs-sino-korean-numbers)}
}